<?xml version="1.0" encoding="UTF-8"?><collection xmlns="http://www.loc.gov/MARC21/slim"><record><leader>00693nam--2200205-i-4500</leader><controlfield tag="001">000011290</controlfield><controlfield tag="002">20161230</controlfield><controlfield tag="005">20161230201029</controlfield><controlfield tag="008">060222s1000------------r-----000-0-eng-d</controlfield><datafield ind1=" " ind2=" " tag="020"><subfield code="a">0306305836</subfield></datafield><datafield ind1=" " ind2=" " tag="040"><subfield code="a">IFIN-HH</subfield></datafield><datafield ind1=" " ind2=" " tag="080"><subfield code="a">061.3:539.2:518.5:53.02</subfield></datafield><datafield ind1="1" ind2=" " tag="100"><subfield code="a">Herman, Frank</subfield></datafield><datafield ind1="1" ind2="0" tag="245"><subfield code="a">Computational solid state physics</subfield><subfield code="b">Proceedings of an international symposium held october 6-8, 1971, in wildbad, germany</subfield><subfield code="c">Frank herman, norris w. dalton, thomas r. koehler (eds.)</subfield></datafield><datafield ind1=" " ind2=" " tag="260"><subfield code="a">New York</subfield><subfield code="b">Plenum Press</subfield><subfield code="c">1972</subfield></datafield><datafield ind1=" " ind2=" " tag="300"><subfield code="a">XIV + 450 P</subfield></datafield><datafield ind1=" " ind2=" " tag="490"><subfield code="a">The Ibm Re4search Symposia Series</subfield></datafield><datafield ind1="1" ind2=" " tag="700"><subfield code="a">Koehler, Thomas R</subfield><subfield code="e">Ed</subfield></datafield><datafield ind1=" " ind2=" " tag="852"><subfield code="a">38523</subfield><subfield code="c">539.2</subfield></datafield><datafield ind1=" " ind2=" " tag="CAT"><subfield code="a">Sys</subfield><subfield code="c">20121023</subfield><subfield code="h">111801</subfield></datafield></record></collection>